{
  "symbol": "IBM",
  "annualReports": [
    {
      "fiscalDateEnding": "2022-12-31",
      "reportedCurrency": "USD",
      "grossProfit": "32687000000",
      "totalRevenue": "60530000000",
      "costOfRevenue": "27842000000",
      "costofGoodsAndServicesSold": "385000000",
      "operatingIncome": "6408000000",
      "sellingGeneralAndAdministrative": "18609000000",
      "researchAndDevelopment": "6567000000",
      "operatingExpenses": "26279000000",
      "investmentIncomeNet": "None",
      "netInterestIncome": "-1216000000",
      "interestIncome": "162000000",
      "interestExpense": "1216000000",
      "nonInterestIncome": "365000000",
      "otherNonOperatingIncome": "443000000",
      "depreciation": "2407000000",
      "depreciationAndAmortization": "2395000000",
      "incomeBeforeTax": "1013000000",
      "incomeTaxExpense": "-626000000",
      "interestAndDebtExpense": "1216000000",
      "netIncomeFromContinuingOperations": "1783000000",
      "comprehensiveIncomeNetOfTax": "8134000000",
      "ebit": "2229000000",
      "ebitda": "4624000000",
      "netIncome": "1639000000"
    },
    {
      "fiscalDateEnding": "2021-12-31",
      "reportedCurrency": "USD",
      "grossProfit": "31486000000",
      "totalRevenue": "57350000000",
      "costOfRevenue": "25865000000",
      "costofGoodsAndServicesSold": "300000000",
      "operatingIncome": "4786000000",
      "sellingGeneralAndAdministrative": "18745000000",
      "researchAndDevelopment": "6488000000",
      "operatingExpenses": "26700000000",
      "investmentIncomeNet": "None",
      "netInterestIncome": "-1155000000",
      "interestIncome": "52000000",
      "interestExpense": "1155000000",
      "nonInterestIncome": "337000000",
      "otherNonOperatingIncome": "225000000",
      "depreciation": "3888000000",
      "depreciationAndAmortization": "2529000000",
      "incomeBeforeTax": "5867000000",
      "incomeTaxExpense": "124000000",
      "interestAndDebtExpense": "1155000000",
      "netIncomeFromContinuingOperations": "4712000000",
      "comprehensiveIncomeNetOfTax": "10582000000",
      "ebit": "7022000000",
      "ebitda": "9551000000",
      "netIncome": "5743000000"
    },
    {
      "fiscalDateEnding": "2020-12-31",
      "reportedCurrency": "USD",
      "grossProfit": "30865000000",
      "totalRevenue": "55179000000",
      "costOfRevenue": "24314000000",
      "costofGoodsAndServicesSold": "439000000",
      "operatingIncome": "4609000000",
      "sellingGeneralAndAdministrative": "20561000000",
      "researchAndDevelopment": "6262000000",
      "operatingExpenses": "30966000000",
      "investmentIncomeNet": "None",
      "netInterestIncome": "-1288000000",
      "interestIncome": "105000000",
      "interestExpense": "1288000000",
      "nonInterestIncome": "-92000000",
      "otherNonOperatingIncome": "156000000",
      "depreciation": "4227000000",
      "depreciationAndAmortization": "2468000000",
      "incomeBeforeTax": "4230000000",
      "incomeTaxExpense": "-1360000000",
      "interestAndDebtExpense": "1288000000",
      "netIncomeFromContinuingOperations": "3932000000",
      "comprehensiveIncomeNetOfTax": "4850000000",
      "ebit": "5518000000",
      "ebitda": "7986000000",
      "netIncome": "5590000000"
    },
    {
      "fiscalDateEnding": "2019-12-31",
      "reportedCurrency": "USD",
      "grossProfit": "31533000000",
      "totalRevenue": "57714000000",
      "costOfRevenue": "26181000000",
      "costofGoodsAndServicesSold": "591000000",
      "operatingIncome": "9004000000",
      "sellingGeneralAndAdministrative": "18724000000",
      "researchAndDevelopment": "5910000000",
      "operatingExpenses": "27484000000",
      "investmentIncomeNet": "None",
      "netInterestIncome": "-1344000000",
      "interestIncome": "349000000",
      "interestExpense": "1344000000",
      "nonInterestIncome": "None",
      "otherNonOperatingIncome": "968000000",
      "depreciation": "4209000000",
      "depreciationAndAmortization": "1850000000",
      "incomeBeforeTax": "9491000000",
      "incomeTaxExpense": "60000000",
      "interestAndDebtExpense": "1344000000",
      "netIncomeFromContinuingOperations": "7146000000",
      "comprehensiveIncomeNetOfTax": "10324000000",
      "ebit": "10835000000",
      "ebitda": "12685000000",
      "netIncome": "9431000000"
    },
    {
      "fiscalDateEnding": "2018-12-31",
      "reportedCurrency": "USD",
      "grossProfit": "36936000000",
      "totalRevenue": "79591000000",
      "costOfRevenue": "42655000000",
      "costofGoodsAndServicesSold": "42655000000",
      "operatingIncome": "10838000000",
      "sellingGeneralAndAdministrative": "19366000000",
      "researchAndDevelopment": "5379000000",
      "operatingExpenses": "26098000000",
      "investmentIncomeNet": "None",
      "netInterestIncome": "-723000000",
      "interestIncome": "264000000",
      "interestExpense": "723000000",
      "nonInterestIncome": "None",
      "otherNonOperatingIncome": "-1152000000",
      "depreciation": "3127000000",
      "depreciationAndAmortization": "1353000000",
      "incomeBeforeTax": "11347000000",
      "incomeTaxExpense": "2619000000",
      "interestAndDebtExpense": "723000000",
      "netIncomeFromContinuingOperations": "8723000000",
      "comprehensiveIncomeNetOfTax": "8252000000",
      "ebit": "12070000000",
      "ebitda": "13423000000",
      "netIncome": "8728000000"
    },
    {
      "fiscalDateEnding": "2017-12-31",
      "reportedCurrency": "USD",
      "grossProfit": "36943000000",
      "totalRevenue": "79139000000",
      "costOfRevenue": "42196000000",
      "costofGoodsAndServicesSold": "41703000000",
      "operatingIncome": "8813000000",
      "sellingGeneralAndAdministrative": "19680000000",
      "researchAndDevelopment": "5590000000",
      "operatingExpenses": "27414000000",
      "investmentIncomeNet": "None",
      "netInterestIncome": "-615000000",
      "interestIncome": "144000000",
      "interestExpense": "615000000",
      "nonInterestIncome": "None",
      "otherNonOperatingIncome": "216000000",
      "depreciation": "3021000000",
      "depreciationAndAmortization": "1520000000",
      "incomeBeforeTax": "11395000000",
      "incomeTaxExpense": "5642000000",
      "interestAndDebtExpense": "615000000",
      "netIncomeFromContinuingOperations": "5758000000",
      "comprehensiveIncomeNetOfTax": "8559000000",
      "ebit": "12010000000",
      "ebitda": "13530000000",
      "netIncome": "5753000000"
    },
    {
      "fiscalDateEnding": "2016-12-31",
      "reportedCurrency": "USD",
      "grossProfit": "38516000000",
      "totalRevenue": "79919000000",
      "costOfRevenue": "41403000000",
      "costofGoodsAndServicesSold": "40580000000",
      "operatingIncome": "9715000000",
      "sellingGeneralAndAdministrative": "20869000000",
      "researchAndDevelopment": "5726000000",
      "operatingExpenses": "28579000000",
      "investmentIncomeNet": "None",
      "netInterestIncome": "-630000000",
      "interestIncome": "108000000",
      "interestExpense": "630000000",
      "nonInterestIncome": "None",
      "otherNonOperatingIncome": "-145000000",
      "depreciation": "2837000000",
      "depreciationAndAmortization": "1544000000",
      "incomeBeforeTax": "12321000000",
      "incomeTaxExpense": "449000000",
      "interestAndDebtExpense": "630000000",
      "netIncomeFromContinuingOperations": "11881000000",
      "comprehensiveIncomeNetOfTax": "12081000000",
      "ebit": "12951000000",
      "ebitda": "14495000000",
      "netIncome": "11872000000"
    },
    {
      "fiscalDateEnding": "2015-12-31",
      "reportedCurrency": "USD",
      "grossProfit": "40684000000",
      "totalRevenue": "81741000000",
      "costOfRevenue": "41057000000",
      "costofGoodsAndServicesSold": "40046000000",
      "operatingIncome": "13333000000",
      "sellingGeneralAndAdministrative": "20430000000",
      "researchAndDevelopment": "5247000000",
      "operatingExpenses": "27351000000",
      "investmentIncomeNet": "None",
      "netInterestIncome": "-468000000",
      "interestIncome": "None",
      "interestExpense": "468000000",
      "nonInterestIncome": "-71000000",
      "otherNonOperatingIncome": "724000000",
      "depreciation": "2662000000",
      "depreciationAndAmortization": "1193000000",
      "incomeBeforeTax": "15771000000",
      "incomeTaxExpense": "2581000000",
      "interestAndDebtExpense": "468000000",
      "netIncomeFromContinuingOperations": "13364000000",
      "comprehensiveIncomeNetOfTax": "11459000000",
      "ebit": "16239000000",
      "ebitda": "17432000000",
      "netIncome": "13190000000"
    },
    {
      "fiscalDateEnding": "2014-12-31",
      "reportedCurrency": "USD",
      "grossProfit": "46407000000",
      "totalRevenue": "92793000000",
      "costOfRevenue": "46386000000",
      "costofGoodsAndServicesSold": "45346000000",
      "operatingIncome": "16443000000",
      "sellingGeneralAndAdministrative": "23180000000",
      "researchAndDevelopment": "5437000000",
      "operatingExpenses": "28429000000",
      "investmentIncomeNet": "None",
      "netInterestIncome": "-484000000",
      "interestIncome": "None",
      "interestExpense": "484000000",
      "nonInterestIncome": "1535000000",
      "otherNonOperatingIncome": "1938000000",
      "depreciation": "3145000000",
      "depreciationAndAmortization": "1347000000",
      "incomeBeforeTax": "16250000000",
      "incomeTaxExpense": "4234000000",
      "interestAndDebtExpense": "484000000",
      "netIncomeFromContinuingOperations": "15751000000",
      "comprehensiveIncomeNetOfTax": "5742000000",
      "ebit": "16734000000",
      "ebitda": "18081000000",
      "netIncome": "12016000000"
    },
    {
      "fiscalDateEnding": "2013-12-31",
      "reportedCurrency": "USD",
      "grossProfit": "48684000000",
      "totalRevenue": "98367000000",
      "costOfRevenue": "49683000000",
      "costofGoodsAndServicesSold": "50136000000",
      "operatingIncome": "17075000000",
      "sellingGeneralAndAdministrative": "23451000000",
      "researchAndDevelopment": "5743000000",
      "operatingExpenses": "31832000000",
      "investmentIncomeNet": "None",
      "netInterestIncome": "-402000000",
      "interestIncome": "None",
      "interestExpense": "402000000",
      "nonInterestIncome": "236000000",
      "otherNonOperatingIncome": "327000000",
      "depreciation": "3327000000",
      "depreciationAndAmortization": "1938000000",
      "incomeBeforeTax": "19839000000",
      "incomeTaxExpense": "3363000000",
      "interestAndDebtExpense": "402000000",
      "netIncomeFromContinuingOperations": "16483000000",
      "comprehensiveIncomeNetOfTax": "37117000000",
      "ebit": "20241000000",
      "ebitda": "22179000000",
      "netIncome": "16476000000"
    },
    {
      "fiscalDateEnding": "2012-12-31",
      "reportedCurrency": "USD",
      "grossProfit": "50361000000",
      "totalRevenue": "102874000000",
      "costOfRevenue": "52513000000",
      "costofGoodsAndServicesSold": "53122000000",
      "operatingIncome": "16082000000",
      "sellingGeneralAndAdministrative": "23463000000",
      "researchAndDevelopment": "5816000000",
      "operatingExpenses": "33946000000",
      "investmentIncomeNet": "None",
      "netInterestIncome": "-459000000",
      "interestIncome": "None",
      "interestExpense": "459000000",
      "nonInterestIncome": "729000000",
      "otherNonOperatingIncome": "843000000",
      "depreciation": "3392000000",
      "depreciationAndAmortization": "1829000000",
      "incomeBeforeTax": "22134000000",
      "incomeTaxExpense": "5541000000",
      "interestAndDebtExpense": "459000000",
      "netIncomeFromContinuingOperations": "16604000000",
      "comprehensiveIncomeNetOfTax": "29324000000",
      "ebit": "22593000000",
      "ebitda": "24422000000",
      "netIncome": "16593000000"
    },
    {
      "fiscalDateEnding": "2011-12-31",
      "reportedCurrency": "USD",
      "grossProfit": "50138000000",
      "totalRevenue": "106916000000",
      "costOfRevenue": "56778000000",
      "costofGoodsAndServicesSold": "55713000000",
      "operatingIncome": "16531000000",
      "sellingGeneralAndAdministrative": "23594000000",
      "researchAndDevelopment": "6258000000",
      "operatingExpenses": "34229000000",
      "investmentIncomeNet": "None",
      "netInterestIncome": "-411000000",
      "interestIncome": "None",
      "interestExpense": "411000000",
      "nonInterestIncome": "342000000",
      "otherNonOperatingIncome": "20000000",
      "depreciation": "3589000000",
      "depreciationAndAmortization": "1779000000",
      "incomeBeforeTax": "20997000000",
      "incomeTaxExpense": "5148000000",
      "interestAndDebtExpense": "411000000",
      "netIncomeFromContinuingOperations": "15855000000",
      "comprehensiveIncomeNetOfTax": "17603000000",
      "ebit": "21408000000",
      "ebitda": "23187000000",
      "netIncome": "15849000000"
    },
    {
      "fiscalDateEnding": "2010-12-31",
      "reportedCurrency": "USD",
      "grossProfit": "46014000000",
      "totalRevenue": "99870000000",
      "costOfRevenue": "53857000000",
      "costofGoodsAndServicesSold": "52757000000",
      "operatingIncome": "14411000000",
      "sellingGeneralAndAdministrative": "21837000000",
      "researchAndDevelopment": "6026000000",
      "operatingExpenses": "31166000000",
      "investmentIncomeNet": "None",
      "netInterestIncome": "-368000000",
      "interestIncome": "None",
      "interestExpense": "368000000",
      "nonInterestIncome": "805000000",
      "otherNonOperatingIncome": "787000000",
      "depreciation": "3657000000",
      "depreciationAndAmortization": "1729000000",
      "incomeBeforeTax": "19714000000",
      "incomeTaxExpense": "4890000000",
      "interestAndDebtExpense": "368000000",
      "netIncomeFromContinuingOperations": "14833000000",
      "comprehensiveIncomeNetOfTax": "29744000000",
      "ebit": "20082000000",
      "ebitda": "21811000000",
      "netIncome": "14824000000"
    },
    {
      "fiscalDateEnding": "2009-12-31",
      "reportedCurrency": "USD",
      "grossProfit": "43785000000",
      "totalRevenue": "95758000000",
      "costOfRevenue": "51973000000",
      "costofGoodsAndServicesSold": "50752000000",
      "operatingIncome": "15792000000",
      "sellingGeneralAndAdministrative": "20952000000",
      "researchAndDevelopment": "5820000000",
      "operatingExpenses": "28395000000",
      "investmentIncomeNet": "None",
      "netInterestIncome": "-402000000",
      "interestIncome": "None",
      "interestExpense": "402000000",
      "nonInterestIncome": "-219000000",
      "otherNonOperatingIncome": "351000000",
      "depreciation": "3773000000",
      "depreciationAndAmortization": "1221000000",
      "incomeBeforeTax": "18138000000",
      "incomeTaxExpense": "4713000000",
      "interestAndDebtExpense": "402000000",
      "netIncomeFromContinuingOperations": "13425000000",
      "comprehensiveIncomeNetOfTax": "29865000000",
      "ebit": "18540000000",
      "ebitda": "19761000000",
      "netIncome": "13425000000"
    }
  ],
  "quarterlyReports": [
    {
      "fiscalDateEnding": "2023-09-30",
      "reportedCurrency": "USD",
      "grossProfit": "8023000000",
      "totalRevenue": "14752000000",
      "costOfRevenue": "6729000000",
      "costofGoodsAndServicesSold": "42000000",
      "operatingIncome": "1994000000",
      "sellingGeneralAndAdministrative": "4458000000",
      "researchAndDevelopment": "1685000000",
      "operatingExpenses": "6029000000",
      "investmentIncomeNet": "None",
      "netInterestIncome": "-412000000",
      "interestIncome": "156000000",
      "interestExpense": "412000000",
      "nonInterestIncome": "265000000",
      "otherNonOperatingIncome": "97000000",
      "depreciation": "521000000",
      "depreciationAndAmortization": "572000000",
      "incomeBeforeTax": "1863000000",
      "incomeTaxExpense": "159000000",
      "interestAndDebtExpense": "412000000",
      "netIncomeFromContinuingOperations": "1714000000",
      "comprehensiveIncomeNetOfTax": "2105000000",
      "ebit": "2275000000",
      "ebitda": "2847000000",
      "netIncome": "1704000000"
    },
    {
      "fiscalDateEnding": "2023-06-30",
      "reportedCurrency": "USD",
      "grossProfit": "8501000000",
      "totalRevenue": "15475000000",
      "costOfRevenue": "6974000000",
      "costofGoodsAndServicesSold": "61000000",
      "operatingIncome": "1984000000",
      "sellingGeneralAndAdministrative": "4900000000",
      "researchAndDevelopment": "1687000000",
      "operatingExpenses": "6517000000",
      "investmentIncomeNet": "None",
      "netInterestIncome": "-423000000",
      "interestIncome": "201000000",
      "interestExpense": "423000000",
      "nonInterestIncome": "163000000",
      "otherNonOperatingIncome": "39000000",
      "depreciation": "520000000",
      "depreciationAndAmortization": "557000000",
      "incomeBeforeTax": "2002000000",
      "incomeTaxExpense": "419000000",
      "interestAndDebtExpense": "423000000",
      "netIncomeFromContinuingOperations": "1581000000",
      "comprehensiveIncomeNetOfTax": "1863000000",
      "ebit": "2425000000",
      "ebitda": "2982000000",
      "netIncome": "1583000000"
    },
    {
      "fiscalDateEnding": "2023-03-31",
      "reportedCurrency": "USD",
      "grossProfit": "7509000000",
      "totalRevenue": "14252000000",
      "costOfRevenue": "6743000000",
      "costofGoodsAndServicesSold": "30000000",
      "operatingIncome": "256000000",
      "sellingGeneralAndAdministrative": "4853000000",
      "researchAndDevelopment": "1655000000",
      "operatingExpenses": "7253000000",
      "investmentIncomeNet": "None",
      "netInterestIncome": "-367000000",
      "interestIncome": "170000000",
      "interestExpense": "367000000",
      "nonInterestIncome": "-93000000",
      "otherNonOperatingIncome": "22000000",
      "depreciation": "527000000",
      "depreciationAndAmortization": "547000000",
      "incomeBeforeTax": "1051000000",
      "incomeTaxExpense": "124000000",
      "interestAndDebtExpense": "367000000",
      "netIncomeFromContinuingOperations": "934000000",
      "comprehensiveIncomeNetOfTax": "888000000",
      "ebit": "1418000000",
      "ebitda": "1965000000",
      "netIncome": "927000000"
    },
    {
      "fiscalDateEnding": "2022-12-31",
      "reportedCurrency": "USD",
      "grossProfit": "9632000000",
      "totalRevenue": "16690000000",
      "costOfRevenue": "7058000000",
      "costofGoodsAndServicesSold": "190000000",
      "operatingIncome": "3294000000",
      "sellingGeneralAndAdministrative": "4766000000",
      "researchAndDevelopment": "1604000000",
      "operatingExpenses": "6338000000",
      "investmentIncomeNet": "None",
      "netInterestIncome": "-313000000",
      "interestIncome": "64000000",
      "interestExpense": "313000000",
      "nonInterestIncome": "-394000000",
      "otherNonOperatingIncome": "36000000",
      "depreciation": "570000000",
      "depreciationAndAmortization": "567000000",
      "incomeBeforeTax": "3154000000",
      "incomeTaxExpense": "444000000",
      "interestAndDebtExpense": "313000000",
      "netIncomeFromContinuingOperations": "2870000000",
      "comprehensiveIncomeNetOfTax": "3109000000",
      "ebit": "3467000000",
      "ebitda": "4034000000",
      "netIncome": "2710000000"
    },
    {
      "fiscalDateEnding": "2022-09-30",
      "reportedCurrency": "USD",
      "grossProfit": "7430000000",
      "totalRevenue": "14107000000",
      "costOfRevenue": "6677000000",
      "costofGoodsAndServicesSold": "57000000",
      "operatingIncome": "1471000000",
      "sellingGeneralAndAdministrative": "4391000000",
      "researchAndDevelopment": "1611000000",
      "operatingExpenses": "5959000000",
      "investmentIncomeNet": "None",
      "netInterestIncome": "-295000000",
      "interestIncome": "53000000",
      "interestExpense": "295000000",
      "nonInterestIncome": "363000000",
      "otherNonOperatingIncome": "80000000",
      "depreciation": "586000000",
      "depreciationAndAmortization": "577000000",
      "incomeBeforeTax": "-4483000000",
      "incomeTaxExpense": "-1287000000",
      "interestAndDebtExpense": "295000000",
      "netIncomeFromContinuingOperations": "-3214000000",
      "comprehensiveIncomeNetOfTax": "1834000000",
      "ebit": "-4188000000",
      "ebitda": "-3611000000",
      "netIncome": "-3196000000"
    },
    {
      "fiscalDateEnding": "2022-06-30",
      "reportedCurrency": "USD",
      "grossProfit": "8290000000",
      "totalRevenue": "15535000000",
      "costOfRevenue": "7246000000",
      "costofGoodsAndServicesSold": "120000000",
      "operatingIncome": "2377000000",
      "sellingGeneralAndAdministrative": "4855000000",
      "researchAndDevelopment": "1673000000",
      "operatingExpenses": "5913000000",
      "investmentIncomeNet": "None",
      "netInterestIncome": "-297000000",
      "interestIncome": "28000000",
      "interestExpense": "297000000",
      "nonInterestIncome": "440000000",
      "otherNonOperatingIncome": "243000000",
      "depreciation": "620000000",
      "depreciationAndAmortization": "626000000",
      "incomeBeforeTax": "1649000000",
      "incomeTaxExpense": "257000000",
      "interestAndDebtExpense": "297000000",
      "netIncomeFromContinuingOperations": "1465000000",
      "comprehensiveIncomeNetOfTax": "1755000000",
      "ebit": "1946000000",
      "ebitda": "2572000000",
      "netIncome": "1392000000"
    },
    {
      "fiscalDateEnding": "2022-03-31",
      "reportedCurrency": "USD",
      "grossProfit": "7335000000",
      "totalRevenue": "14197000000",
      "costOfRevenue": "6862000000",
      "costofGoodsAndServicesSold": "19000000",
      "operatingIncome": "470000000",
      "sellingGeneralAndAdministrative": "4597000000",
      "researchAndDevelopment": "1679000000",
      "operatingExpenses": "6865000000",
      "investmentIncomeNet": "None",
      "netInterestIncome": "-311000000",
      "interestIncome": "17000000",
      "interestExpense": "311000000",
      "nonInterestIncome": "-42000000",
      "otherNonOperatingIncome": "83000000",
      "depreciation": "631000000",
      "depreciationAndAmortization": "625000000",
      "incomeBeforeTax": "694000000",
      "incomeTaxExpense": "-39000000",
      "interestAndDebtExpense": "311000000",
      "netIncomeFromContinuingOperations": "662000000",
      "comprehensiveIncomeNetOfTax": "1436000000",
      "ebit": "1005000000",
      "ebitda": "1630000000",
      "netIncome": "733000000"
    },
    {
      "fiscalDateEnding": "2021-12-31",
      "reportedCurrency": "USD",
      "grossProfit": "9501000000",
      "totalRevenue": "16694000000",
      "costOfRevenue": "7195000000",
      "costofGoodsAndServicesSold": "89000000",
      "operatingIncome": "913000000",
      "sellingGeneralAndAdministrative": "4903000000",
      "researchAndDevelopment": "1625000000",
      "operatingExpenses": "5194000000",
      "investmentIncomeNet": "None",
      "netInterestIncome": "-303000000",
      "interestIncome": "13000000",
      "interestExpense": "303000000",
      "nonInterestIncome": "None",
      "otherNonOperatingIncome": "38000000",
      "depreciation": "749000000",
      "depreciationAndAmortization": "632000000",
      "incomeBeforeTax": "2739000000",
      "incomeTaxExpense": "406000000",
      "interestAndDebtExpense": "303000000",
      "netIncomeFromContinuingOperations": "2462000000",
      "comprehensiveIncomeNetOfTax": "5136000000",
      "ebit": "3042000000",
      "ebitda": "3674000000",
      "netIncome": "2333000000"
    },
    {
      "fiscalDateEnding": "2021-09-30",
      "reportedCurrency": "USD",
      "grossProfit": "7106000000",
      "totalRevenue": "13251000000",
      "costOfRevenue": "6145000000",
      "costofGoodsAndServicesSold": "49000000",
      "operatingIncome": "1761000000",
      "sellingGeneralAndAdministrative": "4306000000",
      "researchAndDevelopment": "1606000000",
      "operatingExpenses": "6410000000",
      "investmentIncomeNet": "None",
      "netInterestIncome": "-291000000",
      "interestIncome": "-1000000",
      "interestExpense": "290000000",
      "nonInterestIncome": "None",
      "otherNonOperatingIncome": "-234000000",
      "depreciation": "1037000000",
      "depreciationAndAmortization": "647000000",
      "incomeBeforeTax": "906000000",
      "incomeTaxExpense": "-224000000",
      "interestAndDebtExpense": "291000000",
      "netIncomeFromContinuingOperations": "1037000000",
      "comprehensiveIncomeNetOfTax": "1480000000",
      "ebit": "1196000000",
      "ebitda": "1843000000",
      "netIncome": "1130000000"
    },
    {
      "fiscalDateEnding": "2021-06-30",
      "reportedCurrency": "USD",
      "grossProfit": "7852000000",
      "totalRevenue": "14218000000",
      "costOfRevenue": "6366000000",
      "costofGoodsAndServicesSold": "103000000",
      "operatingIncome": "2304000000",
      "sellingGeneralAndAdministrative": "4849000000",
      "researchAndDevelopment": "1641000000",
      "operatingExpenses": "6700000000",
      "investmentIncomeNet": "None",
      "netInterestIncome": "-281000000",
      "interestIncome": "11000000",
      "interestExpense": "281000000",
      "nonInterestIncome": "None",
      "otherNonOperatingIncome": "-315000000",
      "depreciation": "1050000000",
      "depreciationAndAmortization": "630000000",
      "incomeBeforeTax": "1426000000",
      "incomeTaxExpense": "101000000",
      "interestAndDebtExpense": "281000000",
      "netIncomeFromContinuingOperations": "810000000",
      "comprehensiveIncomeNetOfTax": "1930000000",
      "ebit": "1707000000",
      "ebitda": "2337000000",
      "netIncome": "1325000000"
    },
    {
      "fiscalDateEnding": "2021-03-31",
      "reportedCurrency": "USD",
      "grossProfit": "7027000000",
      "totalRevenue": "13187000000",
      "costOfRevenue": "6160000000",
      "costofGoodsAndServicesSold": "59000000",
      "operatingIncome": "1084000000",
      "sellingGeneralAndAdministrative": "4688000000",
      "researchAndDevelopment": "1616000000",
      "operatingExpenses": "7120000000",
      "investmentIncomeNet": "None",
      "netInterestIncome": "-280000000",
      "interestIncome": "14000000",
      "interestExpense": "280000000",
      "nonInterestIncome": "None",
      "otherNonOperatingIncome": "-362000000",
      "depreciation": "1052000000",
      "depreciationAndAmortization": "620000000",
      "incomeBeforeTax": "795000000",
      "incomeTaxExpense": "-160000000",
      "interestAndDebtExpense": "280000000",
      "netIncomeFromContinuingOperations": "403000000",
      "comprehensiveIncomeNetOfTax": "2036000000",
      "ebit": "1075000000",
      "ebitda": "1695000000",
      "netIncome": "955000000"
    },
    {
      "fiscalDateEnding": "2020-12-31",
      "reportedCurrency": "USD",
      "grossProfit": "5813000000",
      "totalRevenue": "1926000000",
      "costOfRevenue": "-3888000000",
      "costofGoodsAndServicesSold": "181000000",
      "operatingIncome": "-4000000000",
      "sellingGeneralAndAdministrative": "4712000000",
      "researchAndDevelopment": "1540000000",
      "operatingExpenses": "2000000000",
      "investmentIncomeNet": "None",
      "netInterestIncome": "-317000000",
      "interestIncome": "15000000",
      "interestExpense": "317000000",
      "nonInterestIncome": "None",
      "otherNonOperatingIncome": "-247000000",
      "depreciation": "1089000000",
      "depreciationAndAmortization": "610000000",
      "incomeBeforeTax": "884000000",
      "incomeTaxExpense": "-472000000",
      "interestAndDebtExpense": "317000000",
      "netIncomeFromContinuingOperations": "-305000000",
      "comprehensiveIncomeNetOfTax": "603000000",
      "ebit": "1201000000",
      "ebitda": "1811000000",
      "netIncome": "1356000000"
    },
    {
      "fiscalDateEnding": "2020-09-30",
      "reportedCurrency": "USD",
      "grossProfit": "8430000000",
      "totalRevenue": "17560000000",
      "costOfRevenue": "9130000000",
      "costofGoodsAndServicesSold": "64000000",
      "operatingIncome": "2358000000",
      "sellingGeneralAndAdministrative": "4647000000",
      "researchAndDevelopment": "1515000000",
      "operatingExpenses": "6072000000",
      "investmentIncomeNet": "None",
      "netInterestIncome": "-323000000",
      "interestIncome": "15000000",
      "interestExpense": "323000000",
      "nonInterestIncome": "None",
      "otherNonOperatingIncome": "-253000000",
      "depreciation": "1070000000",
      "depreciationAndAmortization": "613000000",
      "incomeBeforeTax": "1826000000",
      "incomeTaxExpense": "128000000",
      "interestAndDebtExpense": "323000000",
      "netIncomeFromContinuingOperations": "1698000000",
      "comprehensiveIncomeNetOfTax": "1870000000",
      "ebit": "2149000000",
      "ebitda": "2762000000",
      "netIncome": "1698000000"
    },
    {
      "fiscalDateEnding": "2020-06-30",
      "reportedCurrency": "USD",
      "grossProfit": "8700000000",
      "totalRevenue": "18123000000",
      "costOfRevenue": "9423000000",
      "costofGoodsAndServicesSold": "117000000",
      "operatingIncome": "2121000000",
      "sellingGeneralAndAdministrative": "5248000000",
      "researchAndDevelopment": "1582000000",
      "operatingExpenses": "6579000000",
      "investmentIncomeNet": "None",
      "netInterestIncome": "-323000000",
      "interestIncome": "23000000",
      "interestExpense": "323000000",
      "nonInterestIncome": "None",
      "otherNonOperatingIncome": "-179000000",
      "depreciation": "1056000000",
      "depreciationAndAmortization": "623000000",
      "incomeBeforeTax": "1570000000",
      "incomeTaxExpense": "209000000",
      "interestAndDebtExpense": "323000000",
      "netIncomeFromContinuingOperations": "1362000000",
      "comprehensiveIncomeNetOfTax": "1888000000",
      "ebit": "1893000000",
      "ebitda": "2516000000",
      "netIncome": "1361000000"
    },
    {
      "fiscalDateEnding": "2020-03-31",
      "reportedCurrency": "USD",
      "grossProfit": "7922000000",
      "totalRevenue": "17571000000",
      "costOfRevenue": "9649000000",
      "costofGoodsAndServicesSold": "76000000",
      "operatingIncome": "-145000000",
      "sellingGeneralAndAdministrative": "5955000000",
      "researchAndDevelopment": "1625000000",
      "operatingExpenses": "8067000000",
      "investmentIncomeNet": "None",
      "netInterestIncome": "-326000000",
      "interestIncome": "51000000",
      "interestExpense": "326000000",
      "nonInterestIncome": "None",
      "otherNonOperatingIncome": "-182000000",
      "depreciation": "1012000000",
      "depreciationAndAmortization": "622000000",
      "incomeBeforeTax": "-51000000",
      "incomeTaxExpense": "-1226000000",
      "interestAndDebtExpense": "326000000",
      "netIncomeFromContinuingOperations": "1176000000",
      "comprehensiveIncomeNetOfTax": "489000000",
      "ebit": "275000000",
      "ebitda": "897000000",
      "netIncome": "1175000000"
    },
    {
      "fiscalDateEnding": "2019-12-31",
      "reportedCurrency": "USD",
      "grossProfit": "6145000000",
      "totalRevenue": "2344000000",
      "costOfRevenue": "-3801000000",
      "costofGoodsAndServicesSold": "387000000",
      "operatingIncome": "4048000000",
      "sellingGeneralAndAdministrative": "3553000000",
      "researchAndDevelopment": "1517000000",
      "operatingExpenses": "7052000000",
      "investmentIncomeNet": "None",
      "netInterestIncome": "-354000000",
      "interestIncome": "48000000",
      "interestExpense": "354000000",
      "nonInterestIncome": "None",
      "otherNonOperatingIncome": "None",
      "depreciation": "1021000000",
      "depreciationAndAmortization": "629000000",
      "incomeBeforeTax": "3323000000",
      "incomeTaxExpense": "-347000000",
      "interestAndDebtExpense": "354000000",
      "netIncomeFromContinuingOperations": "1380000000",
      "comprehensiveIncomeNetOfTax": "4159000000",
      "ebit": "3677000000",
      "ebitda": "4306000000",
      "netIncome": "3670000000"
    },
    {
      "fiscalDateEnding": "2019-09-30",
      "reportedCurrency": "USD",
      "grossProfit": "8336000000",
      "totalRevenue": "18028000000",
      "costOfRevenue": "9692000000",
      "costofGoodsAndServicesSold": "75000000",
      "operatingIncome": "1872000000",
      "sellingGeneralAndAdministrative": "5024000000",
      "researchAndDevelopment": "1553000000",
      "operatingExpenses": "6464000000",
      "investmentIncomeNet": "None",
      "netInterestIncome": "-432000000",
      "interestIncome": "63000000",
      "interestExpense": "432000000",
      "nonInterestIncome": "None",
      "otherNonOperatingIncome": "None",
      "depreciation": "1058000000",
      "depreciationAndAmortization": "611000000",
      "incomeBeforeTax": "1521000000",
      "incomeTaxExpense": "-151000000",
      "interestAndDebtExpense": "432000000",
      "netIncomeFromContinuingOperations": "1673000000",
      "comprehensiveIncomeNetOfTax": "1427000000",
      "ebit": "1953000000",
      "ebitda": "2564000000",
      "netIncome": "1672000000"
    },
    {
      "fiscalDateEnding": "2019-06-30",
      "reportedCurrency": "USD",
      "grossProfit": "9010000000",
      "totalRevenue": "19161000000",
      "costOfRevenue": "10151000000",
      "costofGoodsAndServicesSold": "74000000",
      "operatingIncome": "1950000000",
      "sellingGeneralAndAdministrative": "5456000000",
      "researchAndDevelopment": "1407000000",
      "operatingExpenses": "7060000000",
      "investmentIncomeNet": "None",
      "netInterestIncome": "-348000000",
      "interestIncome": "167000000",
      "interestExpense": "348000000",
      "nonInterestIncome": "None",
      "otherNonOperatingIncome": "None",
      "depreciation": "987000000",
      "depreciationAndAmortization": "307000000",
      "incomeBeforeTax": "2767000000",
      "incomeTaxExpense": "269000000",
      "interestAndDebtExpense": "348000000",
      "netIncomeFromContinuingOperations": "2499000000",
      "comprehensiveIncomeNetOfTax": "2839000000",
      "ebit": "3115000000",
      "ebitda": "3422000000",
      "netIncome": "2498000000"
    },
    {
      "fiscalDateEnding": "2019-03-31",
      "reportedCurrency": "USD",
      "grossProfit": "8043000000",
      "totalRevenue": "18182000000",
      "costOfRevenue": "10139000000",
      "costofGoodsAndServicesSold": "55000000",
      "operatingIncome": "1616000000",
      "sellingGeneralAndAdministrative": "4691000000",
      "researchAndDevelopment": "1433000000",
      "operatingExpenses": "6427000000",
      "investmentIncomeNet": "None",
      "netInterestIncome": "-210000000",
      "interestIncome": "70000000",
      "interestExpense": "210000000",
      "nonInterestIncome": "None",
      "otherNonOperatingIncome": "73000000",
      "depreciation": "1143000000",
      "depreciationAndAmortization": "303000000",
      "incomeBeforeTax": "1880000000",
      "incomeTaxExpense": "289000000",
      "interestAndDebtExpense": "210000000",
      "netIncomeFromContinuingOperations": "1593000000",
      "comprehensiveIncomeNetOfTax": "1899000000",
      "ebit": "2090000000",
      "ebitda": "2393000000",
      "netIncome": "1591000000"
    },
    {
      "fiscalDateEnding": "2018-12-31",
      "reportedCurrency": "USD",
      "grossProfit": "10687000000",
      "totalRevenue": "21761000000",
      "costOfRevenue": "11073000000",
      "costofGoodsAndServicesSold": "11073000000",
      "operatingIncome": "4306000000",
      "sellingGeneralAndAdministrative": "4701000000",
      "researchAndDevelopment": "1358000000",
      "operatingExpenses": "6381000000",
      "investmentIncomeNet": "None",
      "netInterestIncome": "-193000000",
      "interestIncome": "None",
      "interestExpense": "193000000",
      "nonInterestIncome": "None",
      "otherNonOperatingIncome": "-184000000",
      "depreciation": "790000000",
      "depreciationAndAmortization": "322000000",
      "incomeBeforeTax": "4432000000",
      "incomeTaxExpense": "2481000000",
      "interestAndDebtExpense": "193000000",
      "netIncomeFromContinuingOperations": "1953000000",
      "comprehensiveIncomeNetOfTax": "282000000",
      "ebit": "4625000000",
      "ebitda": "4947000000",
      "netIncome": "1951000000"
    },
    {
      "fiscalDateEnding": "2018-09-30",
      "reportedCurrency": "USD",
      "grossProfit": "8803000000",
      "totalRevenue": "18756000000",
      "costOfRevenue": "9953000000",
      "costofGoodsAndServicesSold": "9953000000",
      "operatingIncome": "2840000000",
      "sellingGeneralAndAdministrative": "4363000000",
      "researchAndDevelopment": "1252000000",
      "operatingExpenses": "5963000000",
      "investmentIncomeNet": "None",
      "netInterestIncome": "-191000000",
      "interestIncome": "None",
      "interestExpense": "191000000",
      "nonInterestIncome": "None",
      "otherNonOperatingIncome": "-275000000",
      "depreciation": "790000000",
      "depreciationAndAmortization": "348000000",
      "incomeBeforeTax": "2998000000",
      "incomeTaxExpense": "304000000",
      "interestAndDebtExpense": "191000000",
      "netIncomeFromContinuingOperations": "2692000000",
      "comprehensiveIncomeNetOfTax": "3164000000",
      "ebit": "3189000000",
      "ebitda": "3537000000",
      "netIncome": "2694000000"
    },
    {
      "fiscalDateEnding": "2018-06-30",
      "reportedCurrency": "USD",
      "grossProfit": "9199000000",
      "totalRevenue": "20003000000",
      "costOfRevenue": "10804000000",
      "costofGoodsAndServicesSold": "10804000000",
      "operatingIncome": "2636000000",
      "sellingGeneralAndAdministrative": "4857000000",
      "researchAndDevelopment": "1364000000",
      "operatingExpenses": "6563000000",
      "investmentIncomeNet": "None",
      "netInterestIncome": "-173000000",
      "interestIncome": "None",
      "interestExpense": "173000000",
      "nonInterestIncome": "None",
      "otherNonOperatingIncome": "-280000000",
      "depreciation": "773000000",
      "depreciationAndAmortization": "342000000",
      "incomeBeforeTax": "2777000000",
      "incomeTaxExpense": "373000000",
      "interestAndDebtExpense": "173000000",
      "netIncomeFromContinuingOperations": "2402000000",
      "comprehensiveIncomeNetOfTax": "2697000000",
      "ebit": "2950000000",
      "ebitda": "3292000000",
      "netIncome": "2404000000"
    },
    {
      "fiscalDateEnding": "2018-03-31",
      "reportedCurrency": "USD",
      "grossProfit": "8247000000",
      "totalRevenue": "19072000000",
      "costOfRevenue": "10825000000",
      "costofGoodsAndServicesSold": "10825000000",
      "operatingIncome": "1057000000",
      "sellingGeneralAndAdministrative": "5445000000",
      "researchAndDevelopment": "1405000000",
      "operatingExpenses": "7190000000",
      "investmentIncomeNet": "None",
      "netInterestIncome": "-165000000",
      "interestIncome": "None",
      "interestExpense": "165000000",
      "nonInterestIncome": "None",
      "otherNonOperatingIncome": "-413000000",
      "depreciation": "774000000",
      "depreciationAndAmortization": "340000000",
      "incomeBeforeTax": "1139000000",
      "incomeTaxExpense": "-540000000",
      "interestAndDebtExpense": "165000000",
      "netIncomeFromContinuingOperations": "1675000000",
      "comprehensiveIncomeNetOfTax": "2109000000",
      "ebit": "1304000000",
      "ebitda": "1644000000",
      "netIncome": "1679000000"
    },
    {
      "fiscalDateEnding": "2017-12-31",
      "reportedCurrency": "USD",
      "grossProfit": "11049000000",
      "totalRevenue": "22542000000",
      "costOfRevenue": "11493000000",
      "costofGoodsAndServicesSold": "11362000000",
      "operatingIncome": "3928000000",
      "sellingGeneralAndAdministrative": "5014000000",
      "researchAndDevelopment": "1378000000",
      "operatingExpenses": "6934000000",
      "investmentIncomeNet": "None",
      "netInterestIncome": "-164000000",
      "interestIncome": "None",
      "interestExpense": "164000000",
      "nonInterestIncome": "None",
      "otherNonOperatingIncome": "-2000000",
      "depreciation": "790000000",
      "depreciationAndAmortization": "359000000",
      "incomeBeforeTax": "4468000000",
      "incomeTaxExpense": "5522000000",
      "interestAndDebtExpense": "164000000",
      "netIncomeFromContinuingOperations": "-1053000000",
      "comprehensiveIncomeNetOfTax": "-125000000",
      "ebit": "4632000000",
      "ebitda": "4991000000",
      "netIncome": "-1054000000"
    },
    {
      "fiscalDateEnding": "2017-09-30",
      "reportedCurrency": "USD",
      "grossProfit": "8981000000",
      "totalRevenue": "19153000000",
      "costOfRevenue": "10172000000",
      "costofGoodsAndServicesSold": "10031000000",
      "operatingIncome": "2427000000",
      "sellingGeneralAndAdministrative": "4606000000",
      "researchAndDevelopment": "1291000000",
      "operatingExpenses": "6373000000",
      "investmentIncomeNet": "None",
      "netInterestIncome": "-168000000",
      "interestIncome": "None",
      "interestExpense": "168000000",
      "nonInterestIncome": "None",
      "otherNonOperatingIncome": "114000000",
      "depreciation": "792000000",
      "depreciationAndAmortization": "383000000",
      "incomeBeforeTax": "3065000000",
      "incomeTaxExpense": "339000000",
      "interestAndDebtExpense": "168000000",
      "netIncomeFromContinuingOperations": "2726000000",
      "comprehensiveIncomeNetOfTax": "3394000000",
      "ebit": "3233000000",
      "ebitda": "3616000000",
      "netIncome": "2726000000"
    },
    {
      "fiscalDateEnding": "2017-06-30",
      "reportedCurrency": "USD",
      "grossProfit": "8968000000",
      "totalRevenue": "19289000000",
      "costOfRevenue": "10321000000",
      "costofGoodsAndServicesSold": "10207000000",
      "operatingIncome": "1762000000",
      "sellingGeneralAndAdministrative": "5033000000",
      "researchAndDevelopment": "1436000000",
      "operatingExpenses": "7032000000",
      "investmentIncomeNet": "None",
      "netInterestIncome": "-147000000",
      "interestIncome": "None",
      "interestExpense": "147000000",
      "nonInterestIncome": "None",
      "otherNonOperatingIncome": "76000000",
      "depreciation": "730000000",
      "depreciationAndAmortization": "388000000",
      "incomeBeforeTax": "2442000000",
      "incomeTaxExpense": "111000000",
      "interestAndDebtExpense": "147000000",
      "netIncomeFromContinuingOperations": "2332000000",
      "comprehensiveIncomeNetOfTax": "2852000000",
      "ebit": "2589000000",
      "ebitda": "2977000000",
      "netIncome": "2331000000"
    },
    {
      "fiscalDateEnding": "2017-03-31",
      "reportedCurrency": "USD",
      "grossProfit": "7944000000",
      "totalRevenue": "18155000000",
      "costOfRevenue": "10211000000",
      "costofGoodsAndServicesSold": "10104000000",
      "operatingIncome": "697000000",
      "sellingGeneralAndAdministrative": "5027000000",
      "researchAndDevelopment": "1484000000",
      "operatingExpenses": "7075000000",
      "investmentIncomeNet": "None",
      "netInterestIncome": "-135000000",
      "interestIncome": "None",
      "interestExpense": "135000000",
      "nonInterestIncome": "None",
      "otherNonOperatingIncome": "28000000",
      "depreciation": "709000000",
      "depreciationAndAmortization": "390000000",
      "incomeBeforeTax": "1421000000",
      "incomeTaxExpense": "-329000000",
      "interestAndDebtExpense": "135000000",
      "netIncomeFromContinuingOperations": "1753000000",
      "comprehensiveIncomeNetOfTax": "2438000000",
      "ebit": "1556000000",
      "ebitda": "1946000000",
      "netIncome": "1750000000"
    },
    {
      "fiscalDateEnding": "2016-12-31",
      "reportedCurrency": "USD",
      "grossProfit": "11115000000",
      "totalRevenue": "21770000000",
      "costOfRevenue": "10655000000",
      "costofGoodsAndServicesSold": "10592000000",
      "operatingIncome": "4093000000",
      "sellingGeneralAndAdministrative": "4776000000",
      "researchAndDevelopment": "1406000000",
      "operatingExpenses": "6800000000",
      "investmentIncomeNet": "None",
      "netInterestIncome": "-157000000",
      "interestIncome": "None",
      "interestExpense": "157000000",
      "nonInterestIncome": "None",
      "otherNonOperatingIncome": "137000000",
      "depreciation": "731000000",
      "depreciationAndAmortization": "396000000",
      "incomeBeforeTax": "4981000000",
      "incomeTaxExpense": "480000000",
      "interestAndDebtExpense": "157000000",
      "netIncomeFromContinuingOperations": "4506000000",
      "comprehensiveIncomeNetOfTax": "3268000000",
      "ebit": "5138000000",
      "ebitda": "5534000000",
      "netIncome": "4501000000"
    },
    {
      "fiscalDateEnding": "2016-09-30",
      "reportedCurrency": "USD",
      "grossProfit": "9013000000",
      "totalRevenue": "19226000000",
      "costOfRevenue": "10213000000",
      "costofGoodsAndServicesSold": "9954000000",
      "operatingIncome": "2481000000",
      "sellingGeneralAndAdministrative": "4732000000",
      "researchAndDevelopment": "1397000000",
      "operatingExpenses": "6532000000",
      "investmentIncomeNet": "None",
      "netInterestIncome": "-158000000",
      "interestIncome": "None",
      "interestExpense": "158000000",
      "nonInterestIncome": "None",
      "otherNonOperatingIncome": "8000000",
      "depreciation": "724000000",
      "depreciationAndAmortization": "403000000",
      "incomeBeforeTax": "3262000000",
      "incomeTaxExpense": "409000000",
      "interestAndDebtExpense": "158000000",
      "netIncomeFromContinuingOperations": "2854000000",
      "comprehensiveIncomeNetOfTax": "3293000000",
      "ebit": "3420000000",
      "ebitda": "3823000000",
      "netIncome": "2853000000"
    },
    {
      "fiscalDateEnding": "2016-06-30",
      "reportedCurrency": "USD",
      "grossProfit": "9702000000",
      "totalRevenue": "20238000000",
      "costOfRevenue": "10536000000",
      "costofGoodsAndServicesSold": "10273000000",
      "operatingIncome": "2490000000",
      "sellingGeneralAndAdministrative": "5349000000",
      "researchAndDevelopment": "1465000000",
      "operatingExpenses": "7212000000",
      "investmentIncomeNet": "None",
      "netInterestIncome": "-167000000",
      "interestIncome": "None",
      "interestExpense": "167000000",
      "nonInterestIncome": "None",
      "otherNonOperatingIncome": "-37000000",
      "depreciation": "705000000",
      "depreciationAndAmortization": "398000000",
      "incomeBeforeTax": "3048000000",
      "incomeTaxExpense": "544000000",
      "interestAndDebtExpense": "167000000",
      "netIncomeFromContinuingOperations": "2505000000",
      "comprehensiveIncomeNetOfTax": "2899000000",
      "ebit": "3215000000",
      "ebitda": "3613000000",
      "netIncome": "2504000000"
    },
    {
      "fiscalDateEnding": "2016-03-31",
      "reportedCurrency": "USD",
      "grossProfit": "8686000000",
      "totalRevenue": "18684000000",
      "costOfRevenue": "9999000000",
      "costofGoodsAndServicesSold": "9760000000",
      "operatingIncome": "697000000",
      "sellingGeneralAndAdministrative": "6012000000",
      "researchAndDevelopment": "1458000000",
      "operatingExpenses": "7989000000",
      "investmentIncomeNet": "None",
      "netInterestIncome": "-147000000",
      "interestIncome": "None",
      "interestExpense": "147000000",
      "nonInterestIncome": "None",
      "otherNonOperatingIncome": "-253000000",
      "depreciation": "677000000",
      "depreciationAndAmortization": "347000000",
      "incomeBeforeTax": "1031000000",
      "incomeTaxExpense": "-983000000",
      "interestAndDebtExpense": "147000000",
      "netIncomeFromContinuingOperations": "2016000000",
      "comprehensiveIncomeNetOfTax": "2622000000",
      "ebit": "1178000000",
      "ebitda": "1525000000",
      "netIncome": "2014000000"
    },
    {
      "fiscalDateEnding": "2015-12-31",
      "reportedCurrency": "USD",
      "grossProfit": "11406000000",
      "totalRevenue": "22059000000",
      "costOfRevenue": "10652000000",
      "costofGoodsAndServicesSold": "10375000000",
      "operatingIncome": "4681000000",
      "sellingGeneralAndAdministrative": "5157000000",
      "researchAndDevelopment": "1362000000",
      "operatingExpenses": "6725000000",
      "investmentIncomeNet": "None",
      "netInterestIncome": "-128000000",
      "interestIncome": "None",
      "interestExpense": "128000000",
      "nonInterestIncome": "-23000000",
      "otherNonOperatingIncome": "147000000",
      "depreciation": "681000000",
      "depreciationAndAmortization": "309000000",
      "incomeBeforeTax": "5106900000",
      "incomeTaxExpense": "638000000",
      "interestAndDebtExpense": "128000000",
      "netIncomeFromContinuingOperations": "4460000000",
      "comprehensiveIncomeNetOfTax": "3016900000",
      "ebit": "5234900000",
      "ebitda": "5543900000",
      "netIncome": "4468900000"
    },
    {
      "fiscalDateEnding": "2015-09-30",
      "reportedCurrency": "USD",
      "grossProfit": "9436000000",
      "totalRevenue": "19280000000",
      "costOfRevenue": "9844000000",
      "costofGoodsAndServicesSold": "9611000000",
      "operatingIncome": "3128000000",
      "sellingGeneralAndAdministrative": "4731000000",
      "researchAndDevelopment": "1287000000",
      "operatingExpenses": "6308000000",
      "investmentIncomeNet": "None",
      "netInterestIncome": "-117000000",
      "interestIncome": "None",
      "interestExpense": "117000000",
      "nonInterestIncome": "104000000",
      "otherNonOperatingIncome": "133000000",
      "depreciation": "646000000",
      "depreciationAndAmortization": "290000000",
      "incomeBeforeTax": "3606600000",
      "incomeTaxExpense": "659000000",
      "interestAndDebtExpense": "117000000",
      "netIncomeFromContinuingOperations": "2962000000",
      "comprehensiveIncomeNetOfTax": "2224600000",
      "ebit": "3723600000",
      "ebitda": "4013600000",
      "netIncome": "2947600000"
    },
    {
      "fiscalDateEnding": "2015-06-30",
      "reportedCurrency": "USD",
      "grossProfit": "10390000000",
      "totalRevenue": "20813000000",
      "costOfRevenue": "10423000000",
      "costofGoodsAndServicesSold": "10157000000",
      "operatingIncome": "3615000000",
      "sellingGeneralAndAdministrative": "5179000000",
      "researchAndDevelopment": "1300000000",
      "operatingExpenses": "6775000000",
      "investmentIncomeNet": "None",
      "netInterestIncome": "-115000000",
      "interestIncome": "None",
      "interestExpense": "115000000",
      "nonInterestIncome": "200000000",
      "otherNonOperatingIncome": "301000000",
      "depreciation": "665000000",
      "depreciationAndAmortization": "296000000",
      "incomeBeforeTax": "4144600000",
      "incomeTaxExpense": "698000000",
      "interestAndDebtExpense": "115000000",
      "netIncomeFromContinuingOperations": "3526000000",
      "comprehensiveIncomeNetOfTax": "3857600000",
      "ebit": "4259600000",
      "ebitda": "4555600000",
      "netIncome": "3446600000"
    },
    {
      "fiscalDateEnding": "2015-03-31",
      "reportedCurrency": "USD",
      "grossProfit": "9452000000",
      "totalRevenue": "19590000000",
      "costOfRevenue": "10138000000",
      "costofGoodsAndServicesSold": "9903000000",
      "operatingIncome": "2494000000",
      "sellingGeneralAndAdministrative": "5362000000",
      "researchAndDevelopment": "1298000000",
      "operatingExpenses": "7310000000",
      "investmentIncomeNet": "None",
      "netInterestIncome": "-108000000",
      "interestIncome": "None",
      "interestExpense": "108000000",
      "nonInterestIncome": "-352000000",
      "otherNonOperatingIncome": "143000000",
      "depreciation": "670000000",
      "depreciationAndAmortization": "298000000",
      "incomeBeforeTax": "2911800000",
      "incomeTaxExpense": "585000000",
      "interestAndDebtExpense": "108000000",
      "netIncomeFromContinuingOperations": "2415000000",
      "comprehensiveIncomeNetOfTax": "2359800000",
      "ebit": "3019800000",
      "ebitda": "3317800000",
      "netIncome": "2326800000"
    },
    {
      "fiscalDateEnding": "2014-12-31",
      "reportedCurrency": "USD",
      "grossProfit": "12862000000",
      "totalRevenue": "24113000000",
      "costOfRevenue": "11251000000",
      "costofGoodsAndServicesSold": "10977000000",
      "operatingIncome": "5179000000",
      "sellingGeneralAndAdministrative": "6034000000",
      "researchAndDevelopment": "1320000000",
      "operatingExpenses": "6410000000",
      "investmentIncomeNet": "None",
      "netInterestIncome": "-117000000",
      "interestIncome": "None",
      "interestExpense": "117000000",
      "nonInterestIncome": "1273000000",
      "otherNonOperatingIncome": "1508000000",
      "depreciation": "717000000",
      "depreciationAndAmortization": "329000000",
      "incomeBeforeTax": "7060200000",
      "incomeTaxExpense": "1579000000",
      "interestAndDebtExpense": "117000000",
      "netIncomeFromContinuingOperations": "5514000000",
      "comprehensiveIncomeNetOfTax": "-1415800000",
      "ebit": "7177200000",
      "ebitda": "7506200000",
      "netIncome": "5481200000"
    },
    {
      "fiscalDateEnding": "2014-09-30",
      "reportedCurrency": "USD",
      "grossProfit": "10874000000",
      "totalRevenue": "22397000000",
      "costOfRevenue": "11523000000",
      "costofGoodsAndServicesSold": "11266000000",
      "operatingIncome": "3900000000",
      "sellingGeneralAndAdministrative": "5281000000",
      "researchAndDevelopment": "1354000000",
      "operatingExpenses": "6974000000",
      "investmentIncomeNet": "None",
      "netInterestIncome": "-126000000",
      "interestIncome": "None",
      "interestExpense": "126000000",
      "nonInterestIncome": "-163000000",
      "otherNonOperatingIncome": "103000000",
      "depreciation": "800000000",
      "depreciationAndAmortization": "339000000",
      "incomeBeforeTax": "921600000",
      "incomeTaxExpense": "906000000",
      "interestAndDebtExpense": "126000000",
      "netIncomeFromContinuingOperations": "3455000000",
      "comprehensiveIncomeNetOfTax": "-593400000",
      "ebit": "1047600000",
      "ebitda": "1386600000",
      "netIncome": "15600000"
    },
    {
      "fiscalDateEnding": "2014-06-30",
      "reportedCurrency": "USD",
      "grossProfit": "12044000000",
      "totalRevenue": "24047000000",
      "costOfRevenue": "12003000000",
      "costofGoodsAndServicesSold": "12160000000",
      "operatingIncome": "4575000000",
      "sellingGeneralAndAdministrative": "5593000000",
      "researchAndDevelopment": "1361000000",
      "operatingExpenses": "7536000000",
      "investmentIncomeNet": "None",
      "netInterestIncome": "-136000000",
      "interestIncome": "None",
      "interestExpense": "136000000",
      "nonInterestIncome": "264000000",
      "otherNonOperatingIncome": "201000000",
      "depreciation": "826000000",
      "depreciationAndAmortization": "340000000",
      "incomeBeforeTax": "5230600000",
      "incomeTaxExpense": "1096000000",
      "interestAndDebtExpense": "136000000",
      "netIncomeFromContinuingOperations": "4137000000",
      "comprehensiveIncomeNetOfTax": "9057600000",
      "ebit": "5366600000",
      "ebitda": "5706600000",
      "netIncome": "4134600000"
    },
    {
      "fiscalDateEnding": "2014-03-31",
      "reportedCurrency": "USD",
      "grossProfit": "10627000000",
      "totalRevenue": "22236000000",
      "costOfRevenue": "11608000000",
      "costofGoodsAndServicesSold": "11662000000",
      "operatingIncome": "2575000000",
      "sellingGeneralAndAdministrative": "6272000000",
      "researchAndDevelopment": "1402000000",
      "operatingExpenses": "8073000000",
      "investmentIncomeNet": "None",
      "netInterestIncome": "-105000000",
      "interestIncome": "None",
      "interestExpense": "105000000",
      "nonInterestIncome": "161000000",
      "otherNonOperatingIncome": "126000000",
      "depreciation": "802000000",
      "depreciationAndAmortization": "339000000",
      "incomeBeforeTax": "3037500000",
      "incomeTaxExpense": "653000000",
      "interestAndDebtExpense": "105000000",
      "netIncomeFromContinuingOperations": "2384000000",
      "comprehensiveIncomeNetOfTax": "5214500000",
      "ebit": "3142500000",
      "ebitda": "3481500000",
      "netIncome": "2384500000"
    },
    {
      "fiscalDateEnding": "2013-12-31",
      "reportedCurrency": "USD",
      "grossProfit": "14337000000",
      "totalRevenue": "27385000000",
      "costOfRevenue": "13048000000",
      "costofGoodsAndServicesSold": "13078000000",
      "operatingIncome": "5927000000",
      "sellingGeneralAndAdministrative": "5988000000",
      "researchAndDevelopment": "1452000000",
      "operatingExpenses": "8502000000",
      "investmentIncomeNet": "None",
      "netInterestIncome": "-113000000",
      "interestIncome": "None",
      "interestExpense": "113000000",
      "nonInterestIncome": "97000000",
      "otherNonOperatingIncome": "114000000",
      "depreciation": "870000000",
      "depreciationAndAmortization": "931000000",
      "incomeBeforeTax": "7066200000",
      "incomeTaxExpense": "885000000",
      "interestAndDebtExpense": "113000000",
      "netIncomeFromContinuingOperations": "6184000000",
      "comprehensiveIncomeNetOfTax": "15735200000",
      "ebit": "7179200000",
      "ebitda": "8110200000",
      "netIncome": "6181200000"
    },
    {
      "fiscalDateEnding": "2013-09-30",
      "reportedCurrency": "USD",
      "grossProfit": "11429000000",
      "totalRevenue": "23338000000",
      "costOfRevenue": "11908000000",
      "costofGoodsAndServicesSold": "12073000000",
      "operatingIncome": "4307000000",
      "sellingGeneralAndAdministrative": "5260000000",
      "researchAndDevelopment": "1356000000",
      "operatingExpenses": "7170000000",
      "investmentIncomeNet": "None",
      "netInterestIncome": "-97000000",
      "interestIncome": "None",
      "interestExpense": "97000000",
      "nonInterestIncome": "129000000",
      "otherNonOperatingIncome": "62000000",
      "depreciation": "825000000",
      "depreciationAndAmortization": "350000000",
      "incomeBeforeTax": "4871200000",
      "incomeTaxExpense": "832000000",
      "interestAndDebtExpense": "97000000",
      "netIncomeFromContinuingOperations": "4040000000",
      "comprehensiveIncomeNetOfTax": "8883200000",
      "ebit": "4968200000",
      "ebitda": "5318200000",
      "netIncome": "4039200000"
    },
    {
      "fiscalDateEnding": "2013-06-30",
      "reportedCurrency": "USD",
      "grossProfit": "12132000000",
      "totalRevenue": "24924000000",
      "costOfRevenue": "12792000000",
      "costofGoodsAndServicesSold": "12528000000",
      "operatingIncome": "3578000000",
      "sellingGeneralAndAdministrative": "6680000000",
      "researchAndDevelopment": "1548000000",
      "operatingExpenses": "8652000000",
      "investmentIncomeNet": "None",
      "netInterestIncome": "-98000000",
      "interestIncome": "None",
      "interestExpense": "98000000",
      "nonInterestIncome": "-52000000",
      "otherNonOperatingIncome": "91000000",
      "depreciation": "810000000",
      "depreciationAndAmortization": "326000000",
      "incomeBeforeTax": "4143100000",
      "incomeTaxExpense": "918000000",
      "interestAndDebtExpense": "98000000",
      "netIncomeFromContinuingOperations": "3226000000",
      "comprehensiveIncomeNetOfTax": "6142100000",
      "ebit": "4241100000",
      "ebitda": "4567100000",
      "netIncome": "3225100000"
    },
    {
      "fiscalDateEnding": "2013-03-31",
      "reportedCurrency": "USD",
      "grossProfit": "10678000000",
      "totalRevenue": "23408000000",
      "costOfRevenue": "12730000000",
      "costofGoodsAndServicesSold": "12457000000",
      "operatingIncome": "2228000000",
      "sellingGeneralAndAdministrative": "5577000000",
      "researchAndDevelopment": "1644000000",
      "operatingExpenses": "8482000000",
      "investmentIncomeNet": "None",
      "netInterestIncome": "-94000000",
      "interestIncome": "None",
      "interestExpense": "94000000",
      "nonInterestIncome": "62000000",
      "otherNonOperatingIncome": "60000000",
      "depreciation": "822000000",
      "depreciationAndAmortization": "331000000",
      "incomeBeforeTax": "3604600000",
      "incomeTaxExpense": "574000000",
      "interestAndDebtExpense": "94000000",
      "netIncomeFromContinuingOperations": "3032000000",
      "comprehensiveIncomeNetOfTax": "6355600000",
      "ebit": "3698600000",
      "ebitda": "4029600000",
      "netIncome": "3030600000"
    },
    {
      "fiscalDateEnding": "2012-12-31",
      "reportedCurrency": "USD",
      "grossProfit": "15230000000",
      "totalRevenue": "27671000000",
      "costOfRevenue": "12441000000",
      "costofGoodsAndServicesSold": "13834000000",
      "operatingIncome": "6629000000",
      "sellingGeneralAndAdministrative": "5831000000",
      "researchAndDevelopment": "1094000000",
      "operatingExpenses": "8615000000",
      "investmentIncomeNet": "None",
      "netInterestIncome": "-109000000",
      "interestIncome": "None",
      "interestExpense": "109000000",
      "nonInterestIncome": "32000000",
      "otherNonOperatingIncome": "47000000",
      "depreciation": "820000000",
      "depreciationAndAmortization": "877000000",
      "incomeBeforeTax": "8071600000",
      "incomeTaxExpense": "2241000000",
      "interestAndDebtExpense": "109000000",
      "netIncomeFromContinuingOperations": "5833000000",
      "comprehensiveIncomeNetOfTax": "6625600000",
      "ebit": "8180600000",
      "ebitda": "9057600000",
      "netIncome": "5830600000"
    },
    {
      "fiscalDateEnding": "2012-09-30",
      "reportedCurrency": "USD",
      "grossProfit": "11732000000",
      "totalRevenue": "24747000000",
      "costOfRevenue": "13016000000",
      "costofGoodsAndServicesSold": "12757000000",
      "operatingIncome": "3085000000",
      "sellingGeneralAndAdministrative": "5908000000",
      "researchAndDevelopment": "1534000000",
      "operatingExpenses": "8771000000",
      "investmentIncomeNet": "None",
      "netInterestIncome": "-124000000",
      "interestIncome": "None",
      "interestExpense": "124000000",
      "nonInterestIncome": "579000000",
      "otherNonOperatingIncome": "606000000",
      "depreciation": "866000000",
      "depreciationAndAmortization": "324000000",
      "incomeBeforeTax": "5072000000",
      "incomeTaxExpense": "1251000000",
      "interestAndDebtExpense": "124000000",
      "netIncomeFromContinuingOperations": "3823000000",
      "comprehensiveIncomeNetOfTax": "8422000000",
      "ebit": "5196000000",
      "ebitda": "5520000000",
      "netIncome": "3821000000"
    },
    {
      "fiscalDateEnding": "2012-06-30",
      "reportedCurrency": "USD",
      "grossProfit": "12281000000",
      "totalRevenue": "25783000000",
      "costOfRevenue": "13502000000",
      "costofGoodsAndServicesSold": "13220000000",
      "operatingIncome": "3831000000",
      "sellingGeneralAndAdministrative": "5837000000",
      "researchAndDevelopment": "1587000000",
      "operatingExpenses": "8567000000",
      "investmentIncomeNet": "None",
      "netInterestIncome": "-117000000",
      "interestIncome": "None",
      "interestExpense": "117000000",
      "nonInterestIncome": "-25000000",
      "otherNonOperatingIncome": "132000000",
      "depreciation": "859000000",
      "depreciationAndAmortization": "318000000",
      "incomeBeforeTax": "5159000000",
      "incomeTaxExpense": "1280000000",
      "interestAndDebtExpense": "117000000",
      "netIncomeFromContinuingOperations": "3881000000",
      "comprehensiveIncomeNetOfTax": "7377000000",
      "ebit": "5276000000",
      "ebitda": "5594000000",
      "netIncome": "3879000000"
    },
    {
      "fiscalDateEnding": "2012-03-31",
      "reportedCurrency": "USD",
      "grossProfit": "11118000000",
      "totalRevenue": "24673000000",
      "costOfRevenue": "13555000000",
      "costofGoodsAndServicesSold": "13310000000",
      "operatingIncome": "2537000000",
      "sellingGeneralAndAdministrative": "5886000000",
      "researchAndDevelopment": "1601000000",
      "operatingExpenses": "8548000000",
      "investmentIncomeNet": "None",
      "netInterestIncome": "-110000000",
      "interestIncome": "None",
      "interestExpense": "110000000",
      "nonInterestIncome": "143000000",
      "otherNonOperatingIncome": "58000000",
      "depreciation": "847000000",
      "depreciationAndAmortization": "310000000",
      "incomeBeforeTax": "3831400000",
      "incomeTaxExpense": "769000000",
      "interestAndDebtExpense": "110000000",
      "netIncomeFromContinuingOperations": "3067000000",
      "comprehensiveIncomeNetOfTax": "3107400000",
      "ebit": "3941400000",
      "ebitda": "4251400000",
      "netIncome": "3062400000"
    },
    {
      "fiscalDateEnding": "2011-12-31",
      "reportedCurrency": "USD",
      "grossProfit": "14722000000",
      "totalRevenue": "29486000000",
      "costOfRevenue": "14764000000",
      "costofGoodsAndServicesSold": "14487000000",
      "operatingIncome": "6179000000",
      "sellingGeneralAndAdministrative": "6076000000",
      "researchAndDevelopment": "1555000000",
      "operatingExpenses": "9119000000",
      "investmentIncomeNet": "None",
      "netInterestIncome": "-113000000",
      "interestIncome": "None",
      "interestExpense": "113000000",
      "nonInterestIncome": "90000000",
      "otherNonOperatingIncome": "43000000",
      "depreciation": "888000000",
      "depreciationAndAmortization": "853000000",
      "incomeBeforeTax": "7273700000",
      "incomeTaxExpense": "1784000000",
      "interestAndDebtExpense": "113000000",
      "netIncomeFromContinuingOperations": "5490000000",
      "comprehensiveIncomeNetOfTax": "9081700000",
      "ebit": "7386700000",
      "ebitda": "8239700000",
      "netIncome": "5489700000"
    },
    {
      "fiscalDateEnding": "2011-09-30",
      "reportedCurrency": "USD",
      "grossProfit": "12173000000",
      "totalRevenue": "26157000000",
      "costOfRevenue": "13984000000",
      "costofGoodsAndServicesSold": "13708000000",
      "operatingIncome": "4355000000",
      "sellingGeneralAndAdministrative": "5662000000",
      "researchAndDevelopment": "1546000000",
      "operatingExpenses": "7925000000",
      "investmentIncomeNet": "None",
      "netInterestIncome": "-107000000",
      "interestIncome": "None",
      "interestExpense": "107000000",
      "nonInterestIncome": "-131000000",
      "otherNonOperatingIncome": "-128000000",
      "depreciation": "885000000",
      "depreciationAndAmortization": "307000000",
      "incomeBeforeTax": "5026100000",
      "incomeTaxExpense": "1188000000",
      "interestAndDebtExpense": "107000000",
      "netIncomeFromContinuingOperations": "3839000000",
      "comprehensiveIncomeNetOfTax": "2249100000",
      "ebit": "5133100000",
      "ebitda": "5440100000",
      "netIncome": "3838100000"
    },
    {
      "fiscalDateEnding": "2011-06-30",
      "reportedCurrency": "USD",
      "grossProfit": "12385000000",
      "totalRevenue": "26666000000",
      "costOfRevenue": "14282000000",
      "costofGoodsAndServicesSold": "14013000000",
      "operatingIncome": "4166000000",
      "sellingGeneralAndAdministrative": "6030000000",
      "researchAndDevelopment": "1569000000",
      "operatingExpenses": "8316000000",
      "investmentIncomeNet": "None",
      "netInterestIncome": "-97000000",
      "interestIncome": "None",
      "interestExpense": "97000000",
      "nonInterestIncome": "252000000",
      "otherNonOperatingIncome": "-97000000",
      "depreciation": "898000000",
      "depreciationAndAmortization": "309000000",
      "incomeBeforeTax": "4882900000",
      "incomeTaxExpense": "1221000000",
      "interestAndDebtExpense": "97000000",
      "netIncomeFromContinuingOperations": "3664000000",
      "comprehensiveIncomeNetOfTax": "3402900000",
      "ebit": "4979900000",
      "ebitda": "5288900000",
      "netIncome": "3661900000"
    },
    {
      "fiscalDateEnding": "2011-03-31",
      "reportedCurrency": "USD",
      "grossProfit": "10858000000",
      "totalRevenue": "24607000000",
      "costOfRevenue": "13749000000",
      "costofGoodsAndServicesSold": "13506000000",
      "operatingIncome": "2448000000",
      "sellingGeneralAndAdministrative": "5826000000",
      "researchAndDevelopment": "1587000000",
      "operatingExpenses": "8372000000",
      "investmentIncomeNet": "None",
      "netInterestIncome": "-93000000",
      "interestIncome": "None",
      "interestExpense": "93000000",
      "nonInterestIncome": "131000000",
      "otherNonOperatingIncome": "202000000",
      "depreciation": "918000000",
      "depreciationAndAmortization": "310000000",
      "incomeBeforeTax": "3814400000",
      "incomeTaxExpense": "954000000",
      "interestAndDebtExpense": "93000000",
      "netIncomeFromContinuingOperations": "2863000000",
      "comprehensiveIncomeNetOfTax": "6347400000",
      "ebit": "3907400000",
      "ebitda": "4217400000",
      "netIncome": "2860400000"
    },
    {
      "fiscalDateEnding": "2010-12-31",
      "reportedCurrency": "USD",
      "grossProfit": "14227000000",
      "totalRevenue": "29018000000",
      "costOfRevenue": "14792000000",
      "costofGoodsAndServicesSold": "14487000000",
      "operatingIncome": "5178000000",
      "sellingGeneralAndAdministrative": "5951000000",
      "researchAndDevelopment": "1578000000",
      "operatingExpenses": "9285000000",
      "investmentIncomeNet": "None",
      "netInterestIncome": "-101000000",
      "interestIncome": "None",
      "interestExpense": "101000000",
      "nonInterestIncome": "-135000000",
      "otherNonOperatingIncome": "41000000",
      "depreciation": "920000000",
      "depreciationAndAmortization": "870000000",
      "incomeBeforeTax": "6951400000",
      "incomeTaxExpense": "1698000000",
      "interestAndDebtExpense": "101000000",
      "netIncomeFromContinuingOperations": "5258000000",
      "comprehensiveIncomeNetOfTax": "9246400000",
      "ebit": "7052400000",
      "ebitda": "7922400000",
      "netIncome": "5253400000"
    },
    {
      "fiscalDateEnding": "2010-09-30",
      "reportedCurrency": "USD",
      "grossProfit": "11001000000",
      "totalRevenue": "24271000000",
      "costOfRevenue": "13270000000",
      "costofGoodsAndServicesSold": "13021000000",
      "operatingIncome": "3959000000",
      "sellingGeneralAndAdministrative": "5149000000",
      "researchAndDevelopment": "1464000000",
      "operatingExpenses": "6256000000",
      "investmentIncomeNet": "None",
      "netInterestIncome": "-95000000",
      "interestIncome": "None",
      "interestExpense": "95000000",
      "nonInterestIncome": "881000000",
      "otherNonOperatingIncome": "106000000",
      "depreciation": "914000000",
      "depreciationAndAmortization": "289000000",
      "incomeBeforeTax": "4674400000",
      "incomeTaxExpense": "1088000000",
      "interestAndDebtExpense": "95000000",
      "netIncomeFromContinuingOperations": "3589000000",
      "comprehensiveIncomeNetOfTax": "8207400000",
      "ebit": "4769400000",
      "ebitda": "5058400000",
      "netIncome": "3586400000"
    },
    {
      "fiscalDateEnding": "2010-06-30",
      "reportedCurrency": "USD",
      "grossProfit": "10809000000",
      "totalRevenue": "23724000000",
      "costOfRevenue": "12915000000",
      "costofGoodsAndServicesSold": "12641000000",
      "operatingIncome": "3858000000",
      "sellingGeneralAndAdministrative": "5061000000",
      "researchAndDevelopment": "1475000000",
      "operatingExpenses": "7041000000",
      "investmentIncomeNet": "None",
      "netInterestIncome": "-90000000",
      "interestIncome": "None",
      "interestExpense": "90000000",
      "nonInterestIncome": "None",
      "otherNonOperatingIncome": "95000000",
      "depreciation": "899000000",
      "depreciationAndAmortization": "284000000",
      "incomeBeforeTax": "4575000000",
      "incomeTaxExpense": "1190000000",
      "interestAndDebtExpense": "90000000",
      "netIncomeFromContinuingOperations": "3385000000",
      "comprehensiveIncomeNetOfTax": "6438000000",
      "ebit": "4665000000",
      "ebitda": "4949000000",
      "netIncome": "3385000000"
    },
    {
      "fiscalDateEnding": "2010-03-31",
      "reportedCurrency": "USD",
      "grossProfit": "9976000000",
      "totalRevenue": "22857000000",
      "costOfRevenue": "12880000000",
      "costofGoodsAndServicesSold": "12608000000",
      "operatingIncome": "2504000000",
      "sellingGeneralAndAdministrative": "5677000000",
      "researchAndDevelopment": "1509000000",
      "operatingExpenses": "7554000000",
      "investmentIncomeNet": "None",
      "netInterestIncome": "-82000000",
      "interestIncome": "None",
      "interestExpense": "82000000",
      "nonInterestIncome": "None",
      "otherNonOperatingIncome": "545000000",
      "depreciation": "924000000",
      "depreciationAndAmortization": "286000000",
      "incomeBeforeTax": "3515000000",
      "incomeTaxExpense": "914000000",
      "interestAndDebtExpense": "82000000",
      "netIncomeFromContinuingOperations": "2601000000",
      "comprehensiveIncomeNetOfTax": "2601000000",
      "ebit": "3597000000",
      "ebitda": "3883000000",
      "netIncome": "2601000000"
    },
    {
      "fiscalDateEnding": "2009-12-31",
      "reportedCurrency": "USD",
      "grossProfit": "13145000000",
      "totalRevenue": "27230000000",
      "costOfRevenue": "14085000000",
      "costofGoodsAndServicesSold": "13784000000",
      "operatingIncome": "5827000000",
      "sellingGeneralAndAdministrative": "5560000000",
      "researchAndDevelopment": "1460000000",
      "operatingExpenses": "7399000000",
      "investmentIncomeNet": "None",
      "netInterestIncome": "-81000000",
      "interestIncome": "None",
      "interestExpense": "81000000",
      "nonInterestIncome": "-142000000",
      "otherNonOperatingIncome": "None",
      "depreciation": "967000000",
      "depreciationAndAmortization": "298000000",
      "incomeBeforeTax": "6381000000",
      "incomeTaxExpense": "1568000000",
      "interestAndDebtExpense": "81000000",
      "netIncomeFromContinuingOperations": "4813000000",
      "comprehensiveIncomeNetOfTax": "21253000000",
      "ebit": "6462000000",
      "ebitda": "6760000000",
      "netIncome": "4813000000"
    },
    {
      "fiscalDateEnding": "2009-09-30",
      "reportedCurrency": "USD",
      "grossProfit": "10627000000",
      "totalRevenue": "23566000000",
      "costOfRevenue": "12938000000",
      "costofGoodsAndServicesSold": "12637000000",
      "operatingIncome": "4168000000",
      "sellingGeneralAndAdministrative": "5013000000",
      "researchAndDevelopment": "1446000000",
      "operatingExpenses": "6543000000",
      "investmentIncomeNet": "None",
      "netInterestIncome": "-84000000",
      "interestIncome": "None",
      "interestExpense": "84000000",
      "nonInterestIncome": "418000000",
      "otherNonOperatingIncome": "None",
      "depreciation": "953000000",
      "depreciationAndAmortization": "305000000",
      "incomeBeforeTax": "4373000000",
      "incomeTaxExpense": "1159000000",
      "interestAndDebtExpense": "84000000",
      "netIncomeFromContinuingOperations": "3214000000",
      "comprehensiveIncomeNetOfTax": "3214000000",
      "ebit": "4457000000",
      "ebitda": "4762000000",
      "netIncome": "3214000000"
    },
    {
      "fiscalDateEnding": "2009-06-30",
      "reportedCurrency": "USD",
      "grossProfit": "10581000000",
      "totalRevenue": "23250000000",
      "costOfRevenue": "12669000000",
      "costofGoodsAndServicesSold": "12366000000",
      "operatingIncome": "4032000000",
      "sellingGeneralAndAdministrative": "5115000000",
      "researchAndDevelopment": "1434000000",
      "operatingExpenses": "6650000000",
      "investmentIncomeNet": "None",
      "netInterestIncome": "-101000000",
      "interestIncome": "None",
      "interestExpense": "101000000",
      "nonInterestIncome": "None",
      "otherNonOperatingIncome": "None",
      "depreciation": "936000000",
      "depreciationAndAmortization": "1242000000",
      "incomeBeforeTax": "4262000000",
      "incomeTaxExpense": "1159000000",
      "interestAndDebtExpense": "101000000",
      "netIncomeFromContinuingOperations": "3103000000",
      "comprehensiveIncomeNetOfTax": "3103000000",
      "ebit": "4363000000",
      "ebitda": "4032000000",
      "netIncome": "3103000000"
    }
  ]
}